%% Created using Papers on Sat, 16 Jul 2016.
%% http://papersapp.com/papers/

@article{1983PASJ...35..249K,
author = {Kato, S},
title = {{Low-frequency, one-armed oscillations of Keplerian gaseous disks}},
journal = {Astronomical Society of Japan},
year = {1983},
volume = {35},
pages = {249--261},
month = n/a
}

@article{2010MNRAS.401..791S,
author = {Springel, Volker},
title = {{E pur si muove: Galilean-invariant cosmological hydrodynamical simulations on a moving mesh}},
journal = {Monthly Notices of the Royal Astronomical Society},
year = {2010},
volume = {401},
number = {2},
pages = {791--851},
month = jan
}

@article{2012ApJ...747...24R,
author = {Rafikov, Roman R and Petrovich, Cristobal},
title = {{The Origin of the Negative Torque Density in Disk-Satellite Interaction}},
journal = {The Astrophysical Journal},
year = {2012},
volume = {747},
number = {1},
pages = {24},
month = mar
}

@article{2005ApJ...622.1182L,
author = {Laughlin, Gregory and Butler, R Paul and Fischer, Debra A and Marcy, Geoffrey W and Vogt, Steven S and Wolf, Aaron S},
title = {{The GJ 876 Planetary System: A Progress Report}},
journal = {The Astrophysical Journal},
year = {2005},
volume = {622},
number = {2},
pages = {1182--1190},
month = apr
}

@article{2010ApJ...725..146P,
author = {Paardekooper, Sijme-Jan and Lesur, Geoffroy and Papaloizou, John C B},
title = {{Vortex Migration in Protoplanetary Disks}},
journal = {The Astrophysical Journal},
year = {2010},
volume = {725},
number = {1},
pages = {146--158},
month = dec
}

@article{2016arXiv160503577D,
author = {Duffell, Paul C},
title = {{DISCO: A 3D Moving-Mesh Magnetohydrodynamics Code Designed for the Study of Astrophysical Disks}},
journal = {arXiv.org},
year = {2016},
eprint = {1605.03577v1},
eprinttype = {arxiv},
eprintclass = {1605},
pages = {arXiv:1605.03577},
month = may
}

@article{1973A&A....24..337S,
author = {Shakura, N I and Sunyaev, R A},
title = {{Black holes in binary systems. Observational appearance.}},
journal = {Astronomy and Astrophysics},
year = {1973},
volume = {24},
pages = {337--355},
month = n/a
}

@article{2012ApJ...758...33P,
author = {Petrovich, Cristobal and Rafikov, Roman R},
title = {{Disk-Satellite Interaction in Disks with Density Gaps}},
journal = {The Astrophysical Journal},
year = {2012},
volume = {758},
number = {1},
pages = {33},
month = oct
}

@article{2015AJ....149..167B,
author = {Batygin, Konstantin and Deck, Katherine M and Holman, Matthew J},
title = {{Dynamical Evolution of Multi-resonant Systems: The Case of GJ876}},
journal = {The Astronomical Journal},
year = {2015},
volume = {149},
number = {5},
pages = {167},
month = may
}

@article{2000ApJ...529..357N,
author = {Nelson, Andrew F and Benz, Willy and Ruzmaikina, Tamara V},
title = {{Dynamics of Circumstellar Disks. II. Heating and Cooling}},
journal = {The Astrophysical Journal},
year = {2000},
volume = {529},
number = {1},
pages = {357--390},
month = jan
}

@article{2009MNRAS.400.2090S,
author = {Saini, Tarun Deep and Gulati, Mamta and Sridhar, S},
title = {{Slow pressure modes in thin accretion discs}},
journal = {Monthly Notices of the Royal Astronomical Society},
year = {2009},
volume = {400},
number = {4},
pages = {2090--2097},
month = dec
}

@article{2014ApJ...791L..36O,
author = {Osorio, Mayra and Anglada, Guillem and Carrasco-Gonz{\'a}lez, Carlos and Torrelles, Jos{\'e} M and Mac{\'\i}as, Enrique and Rodr{\'\i}guez, Luis F and G{\'o}mez, Jos{\'e} F and D'Alessio, Paola and Calvet, Nuria and Nagel, Erick and Dent, William R F and Quanz, Sascha P and Reggiani, Maddalena and Mayen-Gijon, Juan M},
title = {{Imaging the Inner and Outer Gaps of the Pre-transitional Disk of HD 169142 at 7 mm}},
journal = {The Astrophysical Journal Letters},
year = {2014},
volume = {791},
number = {2},
pages = {L36},
month = aug
}

@article{2015A&A...574A..52D,
author = {D{\"u}rmann, C and Kley, W},
title = {{Migration of massive planets in accreting disks}},
journal = {Astronomy and Astrophysics},
year = {2015},
volume = {574},
pages = {A52},
month = feb
}

@article{1992ApJS...80..753S,
author = {Stone, James M and Norman, Michael L},
title = {{ZEUS-2D: A radiation magnetohydrodynamics code for astrophysical flows in two space dimensions. I - The hydrodynamic algorithms and tests.}},
journal = {Astrophysical Journal Supplement Series (ISSN 0067-0049)},
year = {1992},
volume = {80},
pages = {753--790},
month = jun
}

@article{2004ApJ...606..520M,
author = {Menou, Kristen and Goodman, Jeremy},
title = {{Low-Mass Protoplanet Migration in T Tauri $\alpha$-Disks}},
journal = {The Astrophysical Journal},
year = {2004},
volume = {606},
number = {1},
pages = {520--531},
month = may
}

@article{1999ApJ...514..344B,
author = {Bryden, G and Chen, Xingming and Lin, D N C and Nelson, Richard P and Papaloizou, John C B},
title = {{Tidally Induced Gap Formation in Protostellar Disks: Gap Clearing and Suppression of Protoplanetary Growth}},
journal = {The Astrophysical Journal},
year = {1999},
volume = {514},
number = {1},
pages = {344--367},
month = mar
}

@article{2014ApJ...794...55T,
author = {Takahashi, Sanemichi Z and Inutsuka, Shu-ichiro},
title = {{Two-component Secular Gravitational Instability in a Protoplanetary Disk: A Possible Mechanism for Creating Ring-like Structures}},
journal = {The Astrophysical Journal},
year = {2014},
volume = {794},
number = {1},
pages = {55},
month = oct
}

@article{2014ApJ...780...53C,
author = {Chatterjee, Sourav and Tan, Jonathan C},
title = {{Inside-out Planet Formation}},
journal = {The Astrophysical Journal},
year = {2014},
volume = {780},
number = {1},
pages = {53},
month = jan
}

@article{1980ApJ...241..425G,
author = {Goldreich, P and Tremaine, S},
title = {{Disk-satellite interactions}},
journal = {Astrophysical Journal},
year = {1980},
volume = {241},
pages = {425--441},
month = oct
}

@article{1997Icar..126..261W,
author = {Ward, William R},
title = {{Protoplanet Migration by Nebula Tides}},
journal = {Icarus},
year = {1997},
volume = {126},
number = {2},
pages = {261--281},
month = apr
}

@article{2015ApJ...806L..15K,
author = {Kanagawa, Kazuhiro D and Muto, Takayuki and Tanaka, Hidekazu and Tanigawa, Takayuki and Takeuchi, Taku and Tsukagoshi, Takashi and Momose, Munetake},
title = {{Mass Estimates of a Giant Planet in a Protoplanetary Disk from the Gap Structures}},
journal = {The Astrophysical Journal Letters},
year = {2015},
volume = {806},
number = {1},
pages = {L15},
month = jun
}

@article{2014JCoPh.272..814P,
author = {Paolucci, Samuel and Zikoski, Zachary J and Wirasaet, Damrongsak},
title = {{WAMR: An adaptive wavelet method for the simulation of compressible reacting flow. Part I. Accuracy and efficiency of algorithm}},
journal = {Journal of Computational Physics},
year = {2014},
volume = {272},
pages = {814--841},
month = sep
}

@article{1995MNRAS.277..758S,
author = {Syer, D and Clarke, C J},
title = {{Satellites in discs: regulating the accretion luminosity}},
journal = {Monthly Notices of the Royal Astronomical Society},
year = {1995},
volume = {277},
number = {3},
pages = {758--766},
month = dec
}

@article{1979AJ.....84.1638G,
author = {Goldreich, P and Tremaine, S},
title = {{Precession of the epsilon ring of Uranus}},
journal = {Astronomical Journal},
year = {1979},
volume = {84},
pages = {1638--1641},
month = oct
}

@article{1991MNRAS.248..754P,
author = {Pringle, J E},
title = {{The properties of external accretion discs}},
journal = {Monthly Notices of the Royal Astronomical Society (ISSN 0035-8711)},
year = {1991},
volume = {248},
number = {4},
pages = {754--759},
month = feb
}

@article{2012A&A...548A.116R,
author = {Rivier, G and Crida, A and Morbidelli, A and Brouet, Y},
title = {{Circum-planetary discs as bottlenecks for gas accretion onto giant planets}},
journal = {Astronomy and Astrophysics},
year = {2012},
volume = {548},
pages = {A116},
month = dec
}

@article{1996ApJS..105..181K,
author = {Korycansky, D G and Papaloizou, J C B},
title = {{A Method for Calculations of Nonlinear Shear Flow: Application to Formation of Giant Planets in the Solar Nebula}},
journal = {Astrophysical Journal Supplement v.105},
year = {1996},
volume = {105},
pages = {181--},
month = jul
}

@article{2006MNRAS.370..529D,
author = {de Val-Borro, M and Edgar, R G and Artymowicz, P and Ciecielag, P and Cresswell, P and D'Angelo, G and Delgado-Donate, E J and Dirksen, G and Fromang, S and Gawryszczak, A and Klahr, H and Kley, W and Lyra, W and Masset, F and Mellema, G and Nelson, R P and Paardekooper, S J and Peplinski, A and Pierens, A and Plewa, T and Rice, K and Sch{\"a}fer, C and Speith, R},
title = {{A comparative study of disc-planet interaction}},
journal = {Monthly Notices of the Royal Astronomical Society},
year = {2006},
volume = {370},
number = {2},
pages = {529--558},
month = aug
}

@article{2014ApJ...787..148A,
author = {Andrews, Sean M and Chandler, Claire J and Isella, Andrea and Birnstiel, T and Rosenfeld, K A and Wilner, D J and Perez, L M and Ricci, L and Carpenter, J M and Calvet, N and Corder, S A and Deller, A T and Dullemond, C P and Greaves, J S and Harris, R J and Henning, Th and Kwon, W and Lazio, J and Linz, H and Mundy, L G and Sargent, A I and Storm, S and Testi, L},
title = {{Resolved Multifrequency Radio Observations of GG Tau}},
journal = {The Astrophysical Journal},
year = {2014},
volume = {787},
number = {2},
pages = {148},
month = jun
}

@article{2002ApJ...567L...9A,
author = {Armitage, Philip J and Natarajan, Priyamvada},
title = {{Accretion during the Merger of Supermassive Black Holes}},
journal = {The Astrophysical Journal},
year = {2002},
volume = {567},
number = {1},
pages = {L9--L12},
month = mar
}

@article{2015ApJ...808L...3A,
author = {Partnership, ALMA and Brogan, C L and Perez, L M and Hunter, T R and Dent, W R F and Hales, A S and Hills, R E and Corder, S and Fomalont, E B and Vlahakis, C and Asaki, Y and Barkats, D and Hirota, A and Hodge, J A and Impellizzeri, C M V and Kneissl, R and Liuzzo, E and Lucas, R and Marcelino, N and Matsushita, S and Nakanishi, K and Phillips, N and Richards, A M S and Toledo, I and Aladro, R and Broguiere, D and Cortes, J R and {Cortes, P. C.} and Espada, D and Galarza, F and Garcia-Appadoo, D and Guzman-Ramirez, L and Humphreys, E M and Jung, T and Kameno, S and Laing, R A and Leon, S and Marconi, G and Mignano, A and Nikolic, B and Nyman, L A and Radiszcz, M and Remijan, A and Rodon, J A and Sawada, T and Takahashi, S and Tilanus, R P J and Vila Vilaro, B and Watson, L C and Wiklind, T and Akiyama, E and Chapillon, E and de Gregorio-Monsalvo, I and Di Francesco, J and Gueth, F and Kawamura, A and Lee, C F and Nguyen Luong, Q and Mangum, J and Pietu, V and Sanhueza, P and Saigo, K and Takakuwa, S and Ubach, C and van Kempen, T and Wootten, A and Castro-Carrizo, A and Francke, H and Gallardo, J and Garcia, J and Gonzalez, S and Hill, T and Kaminski, T and Kurono, Y and Liu, H Y and Lopez, C and Morales, F and Plarre, K and Schieven, G and Testi, L and Videla, L and Villard, E and Andreani, P and Hibbard, J E and Tatematsu, K},
title = {{The 2014 ALMA Long Baseline Campaign: First Results from High Angular Resolution Observations toward the HL Tau Region}},
journal = {The Astrophysical Journal Letters},
year = {2015},
volume = {808},
number = {1},
pages = {L3},
month = jul
}

@article{2016PASJ...68...43K,
author = {Kanagawa, Kazuhiro D and Muto, Takayuki and Tanaka, Hidekazu and Tanigawa, Takayuki and Takeuchi, Taku and Tsukagoshi, Takashi and Momose, Munetake},
title = {{Mass constraint for a planet in a protoplanetary disk from the gap width}},
journal = {Publications of the Astronomical Society of Japan},
year = {2016},
volume = {68},
number = {3},
pages = {43},
month = jun
}

@article{2000MNRAS.315..823P,
author = {Papaloizou, J C B and Larwood, J D},
title = {{On the orbital evolution and growth of protoplanets embedded in a gaseous disc}},
journal = {Monthly Notices of the Royal Astronomical Society},
year = {2000},
volume = {315},
number = {4},
pages = {823--833},
month = jul
}

@article{2010JCoPh.229.8364H,
author = {Hejazialhosseini, Babak and Rossinelli, Diego and Bergdorf, Michael and Koumoutsakos, Petros},
title = {{High order finite volume methods on wavelet-adapted grids with local time-stepping on multicore architectures for the simulation of shock-bubble interactions}},
journal = {Journal of Computational Physics},
year = {2010},
volume = {229},
number = {2},
pages = {8364--8383},
month = nov
}

@article{Yalinewich:2015ce,
author = {Yalinewich, Almog and Steinberg, Elad and Sari, Re'em},
title = {{RICH: OPEN-SOURCE HYDRODYNAMIC SIMULATION ON A MOVING VORONOI MESH}},
journal = {The Astrophysical Journal Supplement Series},
year = {2015},
volume = {216},
number = {2},
pages = {35},
month = feb
}

@article{1996ApJ...467L..77A,
author = {Artymowicz, Pawel and Lubow, Stephen H},
title = {{Mass Flow through Gaps in Circumbinary Disks}},
journal = {Astrophysical Journal Letters v.467},
year = {1996},
volume = {467},
number = {2},
pages = {L77--L80},
month = aug
}

@article{2008ApJ...679L.135M,
author = {Meschiari, Stefano and Laughlin, Gregory},
title = {{The Potential Impact of Groove Modes on Type II Planetary Migration}},
journal = {The Astrophysical Journal},
year = {2008},
volume = {679},
number = {2},
pages = {L135--L138},
month = jun
}

@article{2010arXiv1004.4137L,
author = {Lubow, Stephen H and Ida, Shigeru},
title = {{Planet Migration}},
journal = {arXiv.org},
year = {2010},
eprint = {1004.4137},
eprinttype = {arxiv},
eprintclass = {1004},
pages = {4137},
month = apr,
annote = {26 pages, 17 figures, to appear in "Exoplanets," ed. S. Seager, Univ. Arizona Press}
}

@article{1986MNRAS.221..339G,
author = {Goldreich, P and Goodman, J and Narayan, R},
title = {{The stability of accretion tori. I - Long-wavelength modes of slender tori}},
journal = {Monthly Notices of the Royal Astronomical Society (ISSN 0035-8711)},
year = {1986},
volume = {221},
pages = {339--364},
month = jul
}

@article{2014prpl.conf..667B,
author = {Baruteau, C and Crida, A and Paardekooper, S J and Masset, F and Guilet, J and Bitsch, B and Nelson, R and Kley, W and Papaloizou, J},
title = {{Planet-Disk Interactions and Early Evolution of Planetary Systems}},
journal = {Protostars and Planets VI},
year = {2014},
pages = {667--689},
month = n/a
}

@article{2001ApJ...560..997L,
author = {Lubow, S H and Ogilvie, G I},
title = {{Secular Interactions between Inclined Planets and a Gaseous Disk}},
journal = {The Astrophysical Journal},
year = {2001},
volume = {560},
number = {2},
pages = {997--1009},
month = oct
}

@article{1974MNRAS.168..603L,
author = {Lynden-Bell, D and Pringle, J E},
title = {{The evolution of viscous discs and the origin of the nebular variables.}},
journal = {Monthly Notices of the Royal Astronomical Society},
year = {1974},
volume = {168},
pages = {603--637},
month = sep
}

@article{2008ApJ...675L.109B,
author = {Brown, J M and Blake, G A and Qi, C and Dullemond, C P and Wilner, D J},
title = {{LkH$\alpha$ 330: Evidence for Dust Clearing through Resolved Submillimeter Imaging}},
journal = {The Astrophysical Journal},
year = {2008},
volume = {675},
number = {2},
pages = {L109--L112},
month = mar
}

@article{2014ApJ...792L..10D,
author = {Duffell, Paul C and Haiman, Zoltan and MacFadyen, Andrew I and D'Orazio, Daniel J and Farris, Brian D},
title = {{The Migration of Gap-opening Planets is Not Locked to Viscous Disk Evolution}},
journal = {The Astrophysical Journal Letters},
year = {2014},
volume = {792},
number = {1},
pages = {L10},
month = sep
}

@article{2016MNRAS.tmp..577D,
author = {D'Orazio, Daniel J and Haiman, Zoltan and Duffell, Paul and MacFadyen, Andrew and Farris, Brian},
title = {{A transition in circumbinary accretion discs at a binary mass ratio of 1:25}},
journal = {Monthly Notices of the Royal Astronomical Society},
year = {2016},
volume = {459},
number = {3},
pages = {stw792--2393},
month = apr
}

@article{2014AJ....147...32G,
author = {Goldreich, Peter and Schlichting, Hilke E},
title = {{Overstable Librations can Account for the Paucity of Mean Motion Resonances among Exoplanet Pairs}},
journal = {The Astronomical Journal},
year = {2014},
volume = {147},
number = {2},
pages = {32},
month = feb
}

@article{2008arXiv0807.0625E,
author = {Edgar, Richard G},
title = {{Type II Migration: Varying Planet Mass and Disc Viscosity}},
journal = {arXiv.org},
year = {2008},
eprint = {0807.0625v1},
eprinttype = {arxiv},
eprintclass = {0807},
month = jul
}

@article{2014ApJ...782...88F,
author = {Fung, Jeffrey and Shi, Ji-Ming and Chiang, Eugene},
title = {{How Empty are Disk Gaps Opened by Giant Planets?}},
journal = {The Astrophysical Journal},
year = {2014},
volume = {782},
number = {2},
pages = {88},
month = feb
}

@article{1999MNRAS.307...79I,
author = {Ivanov, P B and Papaloizou, J C B and Polnarev, A G},
title = {{The evolution of a supermassive binary caused by an accretion disc}},
journal = {Monthly Notices of the Royal Astronomical Society},
year = {1999},
volume = {307},
number = {1},
pages = {79--90},
month = jul
}

@article{1991ApJ...383..372N,
author = {Noh, Hyerim and Vishniac, Ethan T and Cochran, William D},
title = {{Gravitational instabilities in a proto-planetary disk}},
journal = {Astrophysical Journal},
year = {1991},
volume = {383},
pages = {372--379},
month = dec
}

@article{2015ApJ...798L..25M,
author = {Mittal, Tushar and Chiang, Eugene},
title = {{Fast Modes and Dusty Horseshoes in Transitional Disks}},
journal = {The Astrophysical Journal Letters},
year = {2015},
volume = {798},
number = {1},
pages = {L25},
month = jan
}

@article{2013MNRAS.434..621C,
author = {Cloutier, Ryan and Lin, Min-Kai},
title = {{Orbital migration of giant planets induced by gravitationally unstable gaps: the effect of planet mass}},
journal = {Monthly Notices of the Royal Astronomical Society},
year = {2013},
volume = {434},
number = {1},
pages = {621--632},
month = sep
}

@article{2011MNRAS.415.1426L,
author = {Lin, Min-Kai and Papaloizou, John C B},
title = {{The effect of self-gravity on vortex instabilities in disc-planet interactions}},
journal = {Monthly Notices of the Royal Astronomical Society},
year = {2011},
volume = {415},
number = {2},
pages = {1426--1444},
month = aug
}

@article{2015ARA&A..53..409W,
author = {Winn, Joshua N and Fabrycky, Daniel C},
title = {{The Occurrence and Architecture of Exoplanetary Systems}},
journal = {Annual Review of Astronomy and Astrophysics},
year = {2015},
volume = {53},
number = {1},
pages = {409--447},
month = aug
}

@article{2014ARA&A..52..171O,
author = {Ogilvie, Gordon I},
title = {{Tidal Dissipation in Stars and Giant Planets}},
journal = {Annual Review of Astronomy and Astrophysics},
year = {2014},
volume = {52},
number = {1},
pages = {171--210},
month = aug
}

@article{2004A&A...414..735K,
author = {Kley, W and Peitz, J and Bryden, G},
title = {{Evolution of planetary systems in resonance}},
journal = {Astronomy and Astrophysics},
year = {2004},
volume = {414},
number = {2},
pages = {735--747},
month = feb
}

@article{2013A&A...550L...8B,
author = {Birnstiel, T and Dullemond, C P and Pinilla, P},
title = {{Lopsided dust rings in transition disks}},
journal = {Astronomy and Astrophysics},
year = {2013},
volume = {550},
pages = {L8},
month = feb
}

@article{1993ApJ...419..155A,
author = {Artymowicz, Pawel},
title = {{On the Wave Excitation and a Generalized Torque Formula for Lindblad Resonances Excited by External Potential}},
journal = {Astrophysical Journal v.419},
year = {1993},
volume = {419},
pages = {155--},
month = dec
}

@article{1996ApJ...460..855L,
author = {Laughlin, Gregory and Laughlin, Gregory and Korchagin, Vladimir and Korchagin, Vladimir},
title = {{Nonlinear Generation of One-armed Spirals in Self-gravitating Disks}},
journal = {Astrophysical Journal v.460},
year = {1996},
volume = {460},
pages = {855},
month = apr
}

@article{2012MNRAS.424..348G,
author = {Gulati, Mamta and Saini, Tarun Deep and Sridhar, S},
title = {{Unstable m= 1 modes of counter-rotating Keplerian discs}},
journal = {Monthly Notices of the Royal Astronomical Society},
year = {2012},
volume = {424},
number = {1},
pages = {348--360},
month = jul
}

@article{Stone:2008bo,
author = {Stone, James M and Gardiner, Thomas A and Teuben, Peter and Hawley, John F and Simon, Jacob B},
title = {{Athena: A New Code for Astrophysical MHD}},
journal = {The Astrophysical Journal Supplement Series},
year = {2008},
volume = {178},
number = {1},
pages = {137--177},
month = sep
}

@article{2009ApJ...703..857M,
author = {Masset, F S and Casoli, J},
title = {{On the Horseshoe Drag of a Low-Mass Planet. II. Migration in Adiabatic Disks}},
journal = {The Astrophysical Journal},
year = {2009},
volume = {703},
number = {1},
pages = {857--876},
month = sep
}

@article{2015ApJ...802...56M,
author = {Malik, M and Meru, F and Mayer, L and Meyer, M},
title = {{On the Gap-opening Criterion of Migrating Planets in Protoplanetary Disks}},
journal = {The Astrophysical Journal},
year = {2015},
volume = {802},
number = {1},
pages = {56},
month = mar
}

@article{2015A&A...578L...8B,
author = {Bern{\'e}, O and Fuente, A and Pantin, E and Bujarrabal, V and Baruteau, C and Pilleri, P and Habart, E and Menard, F and Cernicharo, J and Tielens, A G G M and Joblin, C},
title = {{Very Large Telescope observations of Gomez's Hamburger: Insights into a young protoplanet candidate}},
journal = {Astronomy and Astrophysics},
year = {2015},
volume = {578},
pages = {L8},
month = jun
}

@article{2007ApJ...665.1381A,
author = {Armitage, Philip J},
title = {{Massive planet migration: Theoretical predictions and comparison with observations}},
journal = {arXiv.org},
year = {2007},
eprint = {0705.3039v2},
eprinttype = {arxiv},
eprintclass = {astro-ph},
number = {2},
pages = {1381--1390},
month = may,
annote = {ApJ, in press. References updated to match published version}
}

@article{2014ApJ...791...42Z,
author = {Zhang, Ke and Isella, Andrea and Carpenter, John M and Blake, Geoffrey A},
title = {{Comparison of the Dust and Gas Radial Structure in the Transition Disk [PZ99] J160421.7-213028}},
journal = {The Astrophysical Journal},
year = {2014},
volume = {791},
number = {1},
pages = {42},
month = aug
}

@article{1987Icar...69..157M,
author = {Meyer-Vernet, N and Sicardy, B},
title = {{On the physics of resonant disk-satellite interaction}},
journal = {Icarus (ISSN 0019-1035)},
year = {1987},
volume = {69},
number = {1},
pages = {157--175},
month = jan
}

@book{1953mtp..book.....M,
author = {Morse, Philip M and Feshbach, Herman},
title = {{Methods of theoretical physics}},
publisher = {International Series in Pure and Applied Physics, New York: McGraw-Hill},
year = {1953},
month = n/a
}

@article{2001ApJ...553..174G,
author = {Gammie, Charles F},
title = {{Nonlinear Outcome of Gravitational Instability in Cooling, Gaseous Disks}},
journal = {The Astrophysical Journal},
year = {2001},
volume = {553},
number = {1},
pages = {174--183},
month = may
}

@article{1996ApJ...460..832T,
author = {Takeuchi, Taku and Miyama, Shoken M and Lin, D N C},
title = {{Gap Formation in Protoplanetary Disks}},
journal = {Astrophysical Journal v.460},
year = {1996},
volume = {460},
pages = {832--},
month = apr
}

@article{2015arXiv150302649P,
author = {Partnership, ALMA and Brogan, C L and Perez, L M and Hunter, T R and Dent, W R F and Hales, A S and Hills, R and Corder, S and Fomalont, E B and Vlahakis, C and Asaki, Y and Barkats, D and Hirota, A and Hodge, J A and Impellizzeri, C M V and Kneissl, R and Liuzzo, E and Lucas, R and Marcelino, N and Matsushita, S and Nakanishi, K and Phillips, N and Richards, A M S and Toledo, I and Aladro, R and Broguiere, D and Cortes, J R and {Cortes, P. C.} and Dhawan, V and Espada, D and Galarza, F and Garcia-Appadoo, D and Guzman-Ramirez, L and Humphreys, E M and Jung, T and Kameno, S and Laing, R A and Leon, S and Marconi, G and Nikolic, B and Nyman, L A and Radiszcz, M and Remijan, A and Rodon, J A and Sawada, T and Takahashi, S and Tilanus, R P J and Vila Vilaro, B and Watson, L C and Wiklind, T and Akiyama, E and Chapillon, E and de Gregorio, I and Di Francesco, J and Gueth, F and Kawamura, A and Lee, C F and Nguyen Luong, Q and Mangum, J and Pietu, V and Sanhueza, P and Saigo, K and Takakuwa, S and Ubach, C and van Kempen, T and Wootten, A and Castro-Carrizo, A and Francke, H and Gallardo, J and Garcia, J and Gonzalez, S and Hill, T and Kaminski, T and Kurono, Y and Liu, H Y and Lopez, C and Morales, F and Plarre, K and Schieven, G and Testi, L and Videla, L and Villard, E and Andreani, P and Hibbard, J E and Tatematsu, K},
title = {{First Results from High Angular Resolution ALMA Observations Toward the HL Tau Region}},
journal = {arXiv.org},
year = {2015},
eprint = {1503.02649},
eprinttype = {arxiv},
eprintclass = {1503},
pages = {2649},
month = mar,
annote = {10 pages, 5 figures, 2 tables, submitted to the Astrophysical Journal Letters; included in this version: referee suggestions and flaw in Fig3d fixed}
}

@article{1979StAM...60...97L,
author = {Lin, C C and Lau, Y Y},
title = {{Density wave theory of spiral structure of galaxies}},
journal = {Studies in Applied Mathematics},
year = {1979},
volume = {60},
pages = {97--163},
month = apr
}

@article{2005Ap&SS.300..395Z,
author = {Zhang, L and Lovelace, R V E},
title = {{Negative Energy And Angular Momentum Modes Of Thin Accretion Disks}},
journal = {Astrophysics and Space Science},
year = {2005},
volume = {300},
number = {4},
pages = {395--414},
month = dec
}

@article{2010A&A...510A...4R,
author = {Rein, H and Papaloizou, J C B and Kley, W},
title = {{The dynamical origin of the multi-planetary system HD 45364}},
journal = {Astronomy and Astrophysics},
year = {2010},
volume = {510},
pages = {A4},
month = jan
}

@article{2013Natur.493..191C,
author = {Casassus, Simon and van der Plas, Gerrit and M, Sebastian Perez and Dent, William R F and Fomalont, Ed and Hagelberg, Janis and Hales, Antonio and Jord{\'a}n, Andr{\'e}s and Mawet, Dimitri and M{\'e}nard, Francois and Wootten, Al and Wilner, David and Hughes, A Meredith and Schreiber, Matthias R and Girard, Julien H and Ercolano, Barbara and Canovas, Hector and Rom{\'a}n, Pablo E and Salinas, Vachail},
title = {{Flows of gas through a protoplanetary gap}},
journal = {Nature},
year = {2013},
volume = {493},
number = {7},
pages = {191--194},
month = jan
}

@article{2002A&A...394..241T,
author = {Trilling, D E and Lunine, J I and Benz, W},
title = {{Orbital migration and the frequency of giant planet formation}},
journal = {Astronomy and Astrophysics},
year = {2002},
volume = {394},
number = {1},
pages = {241--251},
month = oct
}

@article{1984Icar...60...29H,
author = {Hourigan, K and Ward, W R},
title = {{Radial migration of preplanetary material - Implications for the accretion time scale problem}},
journal = {Icarus (ISSN 0019-1035)},
year = {1984},
volume = {60},
number = {1},
pages = {29--39},
month = oct
}

@article{2014ApJ...781...87A,
author = {Avenhaus, Henning and Quanz, Sascha P and Schmid, Hans Martin and Meyer, Michael R and Garufi, Antonio and Wolf, Sebastian and Dominik, Carsten},
title = {{Structures in the Protoplanetary Disk of HD142527 Seen in Polarized Scattered Light}},
journal = {The Astrophysical Journal},
year = {2014},
volume = {781},
number = {2},
pages = {87},
month = feb
}

@article{2012ARA&A..50..211K,
author = {Kley, W and Nelson, R P},
title = {{Planet-Disk Interaction and Orbital Evolution}},
journal = {Annual Review of Astronomy and Astrophysics},
year = {2012},
volume = {50},
number = {1},
pages = {211--249},
month = sep
}

@article{2014JCoPh.272..842P,
author = {Paolucci, Samuel and Zikoski, Zachary J and Grenga, Temistocle},
title = {{WAMR: An adaptive wavelet method for the simulation of compressible reacting flow. Part II. The parallel algorithm}},
journal = {Journal of Computational Physics},
year = {2014},
volume = {272},
pages = {842--864},
month = sep
}

@article{2001MNRAS.325..231O,
author = {Ogilvie, G I},
title = {{Non-linear fluid dynamics of eccentric discs}},
journal = {Monthly Notices of the Royal Astronomical Society},
year = {2001},
volume = {325},
number = {1},
pages = {231--248},
month = jul
}

@article{1986ApJ...307..395L,
author = {Lin, D N C and Papaloizou, J},
title = {{On the tidal interaction between protoplanets and the primordial solar nebula. II - Self-consistent nonlinear interaction}},
journal = {Astrophysical Journal},
year = {1986},
volume = {307},
pages = {395--409},
month = aug
}

@article{2010ApJ...724..730D,
author = {D'Angelo, Gennaro and Lubow, Stephen H},
title = {{Three-dimensional Disk-Planet Torques in a Locally Isothermal Disk}},
journal = {The Astrophysical Journal},
year = {2010},
volume = {724},
number = {1},
pages = {730--747},
month = nov
}

@article{2012MNRAS.427.2660K,
author = {Kocsis, Bence and Haiman, Zoltan and Loeb, Abraham},
title = {{Gas pile-up, gap overflow and Type 1.5 migration in circumbinary discs: general theory}},
journal = {Monthly Notices of the Royal Astronomical Society},
year = {2012},
volume = {427},
number = {3},
pages = {2660--2679},
month = dec
}

@article{Masset:2000ku,
author = {Masset, F},
title = {{FARGO: A fast eulerian transport algorithm for differentially rotating disks}},
journal = {Astronomy and Astrophysics Supplement Series},
year = {2000},
volume = {141},
number = {1},
pages = {165--173},
month = jan
}

@article{2011ARA&A..49..195A,
author = {Armitage, Philip J},
title = {{Dynamics of Protoplanetary Disks}},
journal = {Annual Review of Astronomy and Astrophysics},
year = {2011},
volume = {49},
number = {1},
pages = {195--236},
month = sep
}

@article{2013ApJ...775...17L,
author = {Lyra, Wladimir and Lin, Min-Kai},
title = {{Steady State Dust Distributions in Disk Vortices: Observational Predictions and Applications to Transitional Disks}},
journal = {The Astrophysical Journal},
year = {2013},
volume = {775},
number = {1},
pages = {17},
month = sep
}

@article{2004MNRAS.347..613V,
author = {Veras, Dimitri and Armitage, Philip J},
title = {{Outward migration of extrasolar planets to large orbital radii}},
journal = {Monthly Notices of the Royal Astronomical Society},
year = {2004},
volume = {347},
number = {2},
pages = {613--624},
month = jan
}

@article{2006A&A...447..369K,
author = {Kley, W and Dirksen, G},
title = {{Disk eccentricity and embedded planets}},
journal = {Astronomy and Astrophysics},
year = {2006},
volume = {447},
number = {1},
pages = {369--377},
month = feb
}

@article{1992A&A...260..161H,
author = {Heemskerk, M H M and Papaloizou, J C and Savonije, G J},
title = {{Non-linear development of M = 1 instabilities in a self-gravitating gaseous disc}},
journal = {Astronomy and Astrophysics (ISSN 0004-6361)},
year = {1992},
volume = {260},
pages = {161--174},
month = jul
}

@article{2003ApJ...588..494M,
author = {Masset, F S and Papaloizou, J C B},
title = {{Runaway Migration and the Formation of Hot Jupiters}},
journal = {The Astrophysical Journal},
year = {2003},
volume = {588},
number = {1},
pages = {494--508},
month = may
}

@article{2012ApJ...744..116B,
author = {Brown, J M and Herczeg, G J and Pontoppidan, K M and van Dishoeck, E F},
title = {{A 30 AU Radius CO Gas Hole in the Disk around the Herbig Ae Star Oph IRS 48}},
journal = {The Astrophysical Journal},
year = {2012},
volume = {744},
number = {2},
pages = {116},
month = jan
}

@article{2011MNRAS.415.1445L,
author = {Lin, Min-Kai and Papaloizou, John C B},
title = {{Edge modes in self-gravitating disc-planet interactions}},
journal = {Monthly Notices of the Royal Astronomical Society},
year = {2011},
volume = {415},
number = {2},
pages = {1445--1468},
month = aug
}

@article{Dong:2011gu,
author = {Dong, Ruobing and Rafikov, Roman R and Stone, James M},
title = {{DENSITY WAVES EXCITED BY LOW-MASS PLANETS IN PROTOPLANETARY DISKS. II. HIGH-RESOLUTION SIMULATIONS OF THE NONLINEAR REGIME}},
journal = {The Astrophysical Journal},
year = {2011},
volume = {741},
number = {1},
pages = {57},
month = nov
}

@article{2013ApJ...769...41D,
author = {Duffell, Paul C and MacFadyen, Andrew I},
title = {{Gap Opening by Extremely Low-mass Planets in a Viscous Disk}},
journal = {The Astrophysical Journal},
year = {2013},
volume = {769},
number = {1},
pages = {41},
month = may
}

@article{2010ApJ...724..448M,
author = {Muto, Takayuki and Suzuki, Takeru K and Inutsuka, Shu-ichiro},
title = {{Two-dimensional Study of the Propagation of Planetary Wake and the Indication of Gap Opening in an Inviscid Protoplanetary Disk}},
journal = {The Astrophysical Journal},
year = {2010},
volume = {724},
number = {1},
pages = {448--463},
month = nov
}

@article{2014A&A...566A..73C,
author = {Cesaroni, R and Galli, D and Neri, R and Walmsley, C M},
title = {{Imaging the disk around IRAS 20126+4104 at subarcsecond resolution}},
journal = {Astronomy and Astrophysics},
year = {2014},
volume = {566},
pages = {A73},
month = jun
}

@article{2010AnRFM..42..473S,
author = {Schneider, Kai and Vasilyev, Oleg V},
title = {{Wavelet Methods in Computational Fluid Dynamics *}},
journal = {Annual Review of Fluid Mechanics},
year = {2010},
volume = {42},
number = {1},
pages = {473--503},
month = jan
}

@article{2006ApJ...641..526L,
author = {Lubow, S H and D'Angelo, G},
title = {{Gas Flow across Gaps in Protoplanetary Disks}},
journal = {The Astrophysical Journal},
year = {2006},
volume = {641},
number = {1},
pages = {526--533},
month = apr
}

@article{2014A&A...562A..26B,
author = {Bruderer, Simon and van der Marel, Nienke and van Dishoeck, Ewine F and van Kempen, Tim A},
title = {{Gas structure inside dust cavities of transition disks: Ophiuchus IRS 48 observed by ALMA}},
journal = {Astronomy and Astrophysics},
year = {2014},
volume = {562},
pages = {A26},
month = feb
}

@article{2001ApJ...552..793G,
author = {Goodman, J and Rafikov, R R},
title = {{Planetary Torques as the Viscosity of Protoplanetary Disks}},
journal = {The Astrophysical Journal},
year = {2001},
volume = {552},
number = {2},
pages = {793--802},
month = may
}

@article{2007ApJ...670L.135E,
author = {Espaillat, C and Calvet, N and D{\textquoteright}Alessio, P and Hern{\'a}ndez, J and Qi, C and Hartmann, L and Furlan, E and Watson, D M},
title = {{On the Diversity of the Taurus Transitional Disks: UX Tauri A and LkCa 15}},
journal = {The Astrophysical Journal},
year = {2007},
volume = {670},
number = {2},
pages = {L135--L138},
month = dec
}

@article{2009ApJ...704..989A,
author = {Alexander, Richard D and Armitage, Philip J},
title = {{Giant Planet Migration, Disk Evolution, and the Origin of Transitional Disks}},
journal = {The Astrophysical Journal},
year = {2009},
volume = {704},
number = {2},
pages = {989--1001},
month = oct
}

@article{2007MNRAS.377.1324C,
author = {Crida, A and Morbidelli, A},
title = {{Cavity opening by a giant planet in a protoplanetary disc and effects on planetary migration}},
journal = {Monthly Notices of the Royal Astronomical Society},
year = {2007},
volume = {377},
number = {3},
pages = {1324--1336},
month = may
}

@article{Crida:2006vh,
author = {Crida, A and Morbidelli, A and Masset, F},
title = {{On the width and shape of gaps in protoplanetary disks}},
journal = {Icarus},
year = {2006},
volume = {181},
pages = {587}
}

@article{1991AJ....102.1528W,
author = {Wisdom, Jack and Holman, Matthew},
title = {{Symplectic maps for the n-body problem}},
journal = {Astronomical Journal (ISSN 0004-6256)},
year = {1991},
volume = {102},
pages = {1528--1538},
month = oct
}

@article{2013ApJ...775...30I,
author = {Isella, Andrea and P{\'e}rez, Laura M and Carpenter, John M and Ricci, Luca and Andrews, Sean and Rosenfeld, Katherine},
title = {{An Azimuthal Asymmetry in the LkH$\alpha$ 330 Disk}},
journal = {The Astrophysical Journal},
year = {2013},
volume = {775},
number = {1},
pages = {30},
month = sep
}

@article{2015arXiv151200386D,
author = {DeBuhr, Jackson and Zhang, Bo and Anderson, Matthew and Neilsen, David and Hirschmann, Eric W},
title = {{Relativistic Hydrodynamics with Wavelets}},
journal = {arXiv.org},
year = {2015},
eprint = {1512.00386},
eprinttype = {arxiv},
eprintclass = {astro-ph.IM},
pages = {386},
month = dec,
annote = {14 pages, 11 figures}
}

@article{2000JCoPh.165..660V,
author = {Vasilyev, Oleg V and Bowman, Christopher},
title = {{Second-Generation Wavelet Collocation Method for the Solution of Partial Differential Equations}},
journal = {Journal of Computational Physics},
year = {2000},
volume = {165},
number = {2},
pages = {660--693},
month = dec
}

@article{Vandenbroucke:2016cf,
author = {Vandenbroucke, B and De Rijcke, S},
title = {{The moving mesh code Shadowfax}},
journal = {Astronomy and Computing},
year = {2016},
volume = {16},
pages = {109--130},
month = jul
}

@article{2002ApJ...568.1008C,
author = {Calvet, Nuria and D'Alessio, Paola and Hartmann, Lee and Wilner, David and Walsh, Andrew and Sitko, Michael},
title = {{Evidence for a Developing Gap in a 10 Myr Old Protoplanetary Disk}},
journal = {The Astrophysical Journal},
year = {2002},
volume = {568},
number = {2},
pages = {1008--1016},
month = apr
}

@article{2015ARA&A..53..325T,
author = {Teyssier, Romain},
title = {{Grid-Based Hydrodynamics in Astrophysical Fluid Flows}},
journal = {Annual Review of Astronomy and Astrophysics},
year = {2015},
volume = {53},
number = {1},
pages = {325--364},
month = aug
}

@article{2005ApJ...630L.185C,
author = {Calvet, N and D{\textquoteright}Alessio, P and Watson, D M and Franco-Hern{\'a}ndez, R and Furlan, E and Green, J and Sutter, P M and Forrest, W J and Hartmann, L and Uchida, K I and Keller, L D and Sargent, B and Najita, J and Herter, T L and Barry, D J and Hall, P},
title = {{Disks in Transition in the Taurus Population: Spitzer IRS Spectra of GM Aurigae and DM Tauri}},
journal = {The Astrophysical Journal},
year = {2005},
volume = {630},
number = {2},
pages = {L185--L188},
month = sep
}

@article{2015arXiv150101979L,
author = {Les, Robert and Lin, Min-Kai},
title = {{Gap formation and stability in non-isothermal protoplanetary discs}},
journal = {arXiv.org},
year = {2015},
eprint = {1501.01979},
eprinttype = {arxiv},
eprintclass = {astro-ph.EP},
pages = {1979},
month = jan,
annote = {11 pages, 13 figures, 1 table}
}

@article{2015MNRAS.448.3806L,
author = {Lin, Min-Kai},
title = {{One-armed spirals in locally isothermal, radially structured self-gravitating discs}},
journal = {Monthly Notices of the Royal Astronomical Society},
year = {2015},
volume = {448},
number = {4},
pages = {3806--3819},
month = apr
}

@article{2013Natur.499..184L,
author = {Lyra, W and Kuchner, M},
title = {{Formation of sharp eccentric rings in debris disks with gas but without planets}},
journal = {Nature},
year = {2013},
volume = {499},
number = {7},
pages = {184--187},
month = jul
}

@article{2007ApJ...663.1325E,
author = {Edgar, Richard G},
title = {{Giant Planet Migration in Viscous Power-Law Disks}},
journal = {The Astrophysical Journal},
year = {2007},
volume = {663},
number = {2},
pages = {1325--1334},
month = jul
}

@article{2010MNRAS.406..279M,
author = {Michael, Scott and Durisen, R H},
title = {{Stellar motion induced by gravitational instabilities in protoplanetary discs}},
journal = {Monthly Notices of the Royal Astronomical Society},
year = {2010},
volume = {406},
number = {1},
pages = {279--289},
month = jul
}

@article{2001AJ....121.1776T,
author = {Tremaine, Scott},
title = {{Slow Modes in Keplerian Disks}},
journal = {The Astronomical Journal},
year = {2001},
volume = {121},
number = {3},
pages = {1776--1789},
month = mar
}

@article{2012ApJ...747..136I,
author = {Isella, Andrea and P{\'e}rez, Laura M and Carpenter, John M},
title = {{On the Nature of the Transition Disk around LkCa 15}},
journal = {The Astrophysical Journal},
year = {2012},
volume = {747},
number = {2},
pages = {136},
month = mar
}

@article{2003ApJ...585.1024G,
author = {Goldreich, Peter and Sari, Re'em},
title = {{Eccentricity Evolution for Planets in Gaseous Disks}},
journal = {The Astrophysical Journal},
year = {2003},
volume = {585},
number = {2},
pages = {1024--1037},
month = mar
}

@article{1999MNRAS.308..984L,
author = {Lee, Erick and Goodman, Jeremy},
title = {{Non-linear single-armed spiral density waves in nearly Keplerian discs}},
journal = {Monthly Notices of the Royal Astronomical Society},
year = {1999},
volume = {308},
number = {4},
pages = {984--994},
month = oct
}

@article{1992ApJ...399..192O,
author = {Ostriker, Eve C and Shu, Frank H and Adams, Fred C},
title = {{Near-resonant excitation and propagation of eccentric density waves by external forcing}},
journal = {Astrophysical Journal},
year = {1992},
volume = {399},
pages = {192--212},
month = nov
}

@article{1984prin.conf..513S,
author = {Shu, F H},
title = {{Waves in planetary rings}},
journal = {IN: Planetary rings (A85-34401 15-88). Tucson},
year = {1984},
volume = {-1},
pages = {513--561},
month = n/a
}

@article{2011ApJ...732...42A,
author = {Andrews, Sean M and Wilner, David J and Espaillat, Catherine and Hughes, A M and Dullemond, C P and McClure, M K and Qi, Chunhua and Brown, J M},
title = {{Resolved Images of Large Cavities in Protoplanetary Transition Disks}},
journal = {The Astrophysical Journal},
year = {2011},
volume = {732},
number = {1},
pages = {42},
month = may
}

@article{1993Icar..102..150K,
author = {Korycansky, D G and Pollack, J B},
title = {{Numerical calculations of the linear response of a gaseous disk to a protoplanet}},
journal = {Icarus (ISSN 0019-1035)},
year = {1993},
volume = {102},
number = {1},
pages = {150--165},
month = mar
}

@article{2007ApJS..170..228M,
author = {Mignone, A and Bodo, G and Massaglia, S and Matsakos, T and Tesileanu, O and Zanni, C and Ferrari, A},
title = {{PLUTO: A Numerical Code for Computational Astrophysics}},
journal = {The Astrophysical Journal Supplement Series},
year = {2007},
volume = {170},
number = {1},
pages = {228--242},
month = may
}

@article{2001AJ....122.2257S,
author = {Statler, Thomas S},
title = {{A Simple Family of Models for Eccentric Keplerian Fluid Disks}},
journal = {The Astronomical Journal},
year = {2001},
volume = {122},
number = {5},
pages = {2257--2266},
month = nov
}

@article{1989ApJ...347..959A,
author = {Adams, Fred C and Ruden, Steven P and Shu, Frank H},
title = {{Eccentric gravitational instabilities in nearly Keplerian disks}},
journal = {Astrophysical Journal},
year = {1989},
volume = {347},
pages = {959--976},
month = dec
}

@article{1985MNRAS.213P...7G,
author = {Goldreich, P and Narayan, R},
title = {{Non-axisymmetric instability in thin discs}},
journal = {Monthly Notices of the Royal Astronomical Society (ISSN 0035-8711)},
year = {1985},
volume = {213},
pages = {7P--10P},
month = mar
}

@article{1994ApJ...422..850T,
author = {Tomley, Leslie and Steiman-Cameron, Thomas Y and Cassen, Patrick},
title = {{Further studies of gravitationally unstable protostellar disks}},
journal = {Astrophysical Journal},
year = {1994},
volume = {422},
pages = {850--861},
month = feb
}

@article{2007ApJ...667..557T,
author = {Tanigawa, Takayuki and Ikoma, Masahiro},
title = {{A Systematic Study of the Final Masses of Gas Giant Planets}},
journal = {The Astrophysical Journal},
year = {2007},
volume = {667},
number = {1},
pages = {557--570},
month = sep
}

@article{2013PASJ...65L..14F,
author = {Fukagawa, Misato and Tsukagoshi, Takashi and Momose, Munetake and Saigo, Kazuya and Ohashi, Nagayoshi and Kitamura, Yoshimi and Inutsuka, Shu-ichiro and Muto, Takayuki and Nomura, Hideko and Takeuchi, Taku and Kobayashi, Hiroshi and Hanawa, Tomoyuki and Akiyama, Eiji and Honda, Mitsuhiko and Fujiwara, Hideaki and Kataoka, Akimasa and Takahashi, Sanemichi Z and Shibai, Hiroshi},
title = {{Local Enhancement of the Surface Density in the Protoplanetary Ring Surrounding HD 142527}},
journal = {Publications of the Astronomical Society of Japan},
year = {2013},
volume = {65},
number = {6},
pages = {L14--L14},
month = dec
}

@article{2008ApJ...682L.125E,
author = {Espaillat, Catherine and Calvet, Nuria and Luhman, Kevin L and Muzerolle, James and D'Alessio, Paola},
title = {{Confirmation of a Gapped Primordial Disk around LkCa 15}},
journal = {The Astrophysical Journal},
year = {2008},
volume = {682},
number = {2},
pages = {L125--L128},
month = aug
}

@article{2013Sci...340.1199V,
author = {van der Marel, Nienke and van Dishoeck, Ewine F and Bruderer, Simon and Birnstiel, Til and Pinilla, Paola and Dullemond, Cornelis P and van Kempen, Tim A and Schmalzl, Markus and Brown, Joanna M and Herczeg, Gregory J and Mathews, Geoffrey S and Geers, Vincent},
title = {{A Major Asymmetric Dust Trap in a Transition Disk}},
journal = {Science},
year = {2013},
volume = {340},
number = {6},
pages = {1199--1202},
month = jun
}

@article{1999MNRAS.303..696K,
author = {Kley, W},
title = {{Mass flow and accretion through gaps in accretion discs}},
journal = {Monthly Notices of the Royal Astronomical Society},
year = {1999},
volume = {303},
number = {4},
pages = {696--710},
month = mar
}

@article{1993ApJ...419..166A,
author = {Artymowicz, Pawel},
title = {{Disk-Satellite Interaction via Density Waves and the Eccentricity Evolution of Bodies Embedded in Disks}},
journal = {Astrophysical Journal v.419},
year = {1993},
volume = {419},
pages = {166--},
month = dec
}

@article{1991ApJ...381..259L,
author = {Lubow, Stephen H},
title = {{A model for tidally driven eccentric instabilities in fluid disks}},
journal = {Astrophysical Journal},
year = {1991},
volume = {381},
pages = {259--267},
month = nov
}

@article{2014ApJ...783L..13P,
author = {P{\'e}rez, Laura M and Isella, Andrea and Carpenter, John M and Chandler, Claire J},
title = {{Large-scale Asymmetries in the Transitional Disks of SAO 206462 and SR 21}},
journal = {The Astrophysical Journal Letters},
year = {2014},
volume = {783},
number = {1},
pages = {L13},
month = mar
}

@article{2009ApJ...703..845C,
author = {Casoli, J and Masset, F S},
title = {{On the Horseshoe Drag of a Low-Mass Planet. I. Migration in Isothermal Disks}},
journal = {The Astrophysical Journal},
year = {2009},
volume = {703},
number = {1},
pages = {845--856},
month = sep
}

@article{1994ApJ...421..651A,
author = {Artymowicz, Pawel and Lubow, Stephen H},
title = {{Dynamics of binary-disk interaction. 1: Resonances and disk gap sizes}},
journal = {Astrophysical Journal},
year = {1994},
volume = {421},
pages = {651--667},
month = feb
}

@article{1980MNRAS.193..337D,
author = {Drury, L O'C},
title = {{On normal modes of gas sheets and discs}},
journal = {Monthly Notices of the Royal Astronomical Society},
year = {1980},
volume = {193},
pages = {337--343},
month = nov
}

@article{2014ApJ...783...90T,
author = {Tsukagoshi, Takashi and Momose, Munetake and Hashimoto, Jun and Kudo, Tomoyuki and Andrews, Sean and Saito, Masao and Kitamura, Yoshimi and Ohashi, Nagayoshi and Wilner, David and Kawabe, Ryohei and Abe, Lyu and Akiyama, Eiji and Brandner, Wolfgang and Brandt, Timothy D and Carson, Joseph and Currie, Thayne and Egner, Sebastian E and Goto, Miwa and Grady, Carol and Guyon, Olivier and Hayano, Yutaka and Hayashi, Masahiko and Hayashi, Saeko and Henning, Thomas and Hodapp, Klaus W and Ishii, Miki and Iye, Masanori and Janson, Markus and Kandori, Ryo and Knapp, Gillian R and Kusakabe, Nobuhiko and Kuzuhara, Masayuki and Kwon, Jungmi and McElwain, Mike and Matsuo, Taro and Mayama, Satoshi and Miyama, Shoken and Morino, Jun-Ichi and Moro-Martin, Amaya and Nishimura, Tetsuro and Pyo, Tae-Soo and Serabyn, Eugene and Suenaga, Takuya and Suto, Hiroshi and Suzuki, Ryuji and Takahashi, Yasuhiro and Takami, Hideki and Takami, Michihiro and Takato, Naruhisa and Terada, Hiroshi and Thalmann, Christian and Tomono, Daigo and Turner, Edwin L and Usuda, Tomonori and Watanabe, Makoto and Wisniewski, John P and Yamada, Toru and Tamura, Motohide},
title = {{High-resolution Submillimeter and Near-infrared Studies of the Transition Disk around Sz 91}},
journal = {The Astrophysical Journal},
year = {2014},
volume = {783},
number = {2},
pages = {90},
month = mar
}

@article{2015MNRAS.448..994K,
author = {Kanagawa, K D and Tanaka, H and Muto, T and Tanigawa, T and Takeuchi, T},
title = {{Formation of a disc gap induced by a planet: effect of the deviation from Keplerian disc rotation}},
journal = {Monthly Notices of the Royal Astronomical Society},
year = {2015},
volume = {448},
number = {1},
pages = {994--1006},
month = mar
}

@article{2006Icar..181..587C,
author = {Crida, A and Morbidelli, A and Masset, F},
title = {{On the width and shape of gaps in protoplanetary disks}},
journal = {Icarus},
year = {2006},
volume = {181},
number = {2},
pages = {587--604},
month = apr
}

@article{1981ARA&A..19..137P,
author = {Pringle, J E},
title = {{Accretion discs in astrophysics}},
journal = {In: Annual review of astronomy and astrophysics. Volume 19. (A82-11551 02-90) Palo Alto},
year = {1981},
volume = {19},
number = {1},
pages = {137--162},
month = n/a
}

@article{2015ApJ...807..156E,
author = {Espaillat, C and Andrews, S and Powell, D and Feldman, D and Qi, C and Wilner, D and D{\textquoteright}Alessio, P},
title = {{The Transitional Disk around IRAS 04125+2902}},
journal = {The Astrophysical Journal},
year = {2015},
volume = {807},
number = {2},
pages = {156},
month = jul
}

@article{2014Ap&SS.353..641F,
author = {Faghei, Kazem and Pak, Milad},
title = {{A two-dimensional study for cooling and self-gravitating accretion discs}},
journal = {Astrophysics and Space Science},
year = {2014},
volume = {353},
number = {2},
pages = {641--649},
month = oct
}

@article{1992pavi.book.....S,
author = {Shu, F H},
title = {{The physics of astrophysics. Volume II: Gas dynamics.}},
journal = {The physics of astrophysics. Volume II: Gas dynamics.},
year = {1992},
volume = {I},
month = n/a,
annote = {Price {\pounds} 36.95.}
}

@article{2014ARA&A..52..529Y,
author = {Yuan, Feng and Narayan, Ramesh},
title = {{Hot Accretion Flows Around Black Holes}},
journal = {Annual Review of Astronomy and Astrophysics},
year = {2014},
volume = {52},
number = {1},
pages = {529--588},
month = aug
}

@article{2014ApJ...788L..34P,
author = {Pineda, Jaime E and Quanz, Sascha P and Meru, Farzana and Mulders, Gijs D and Meyer, Michael R and Pani{\'c}, Olja and Avenhaus, Henning},
title = {{Resolved Images of the Protoplanetary Disk around HD 100546 with ALMA}},
journal = {The Astrophysical Journal Letters},
year = {2014},
volume = {788},
number = {2},
pages = {L34},
month = jun
}

@article{2002MNRAS.332L..39T,
author = {Terquem, Caroline and Papaloizou, John C B},
title = {{Dynamical relaxation and the orbits of low-mass extrasolar planets}},
journal = {Monthly Notices of the Royal Astronomical Society},
year = {2002},
volume = {332},
number = {2},
pages = {L39--L43},
month = may
}

@article{2014Ap&SS.353..191H,
author = {Hadley, Kathryn Z and Fernandez, Paul and Imamura, James N and Keever, Erik and Tumblin, Rebecka and Dumas, William},
title = {{Nonaxisymmetric instabilities in self-gravitating disks. II. Linear and quasi-linear analyses}},
journal = {Astrophysics and Space Science},
year = {2014},
volume = {353},
number = {1},
pages = {191--222},
month = sep
}

@article{1996LNP...465E.259K,
author = {Korycansky, D G and Papaloizou, J C B},
title = {{The Response of a Gaseous Disc to a Binary Encounter}},
journal = {Disks and Outflows Around Young Stars},
year = {1996},
volume = {465},
month = n/a
}

@article{2009ApJ...704..496B,
author = {Brown, J M and Blake, G A and Qi, C and Dullemond, C P and Wilner, D J and Williams, J P},
title = {{Evidence for Dust Clearing Through Resolved Submillimeter Imaging}},
journal = {The Astrophysical Journal},
year = {2009},
volume = {704},
number = {1},
pages = {496--502},
month = oct
}

@article{2015ApJ...807L..11D,
author = {Duffell, Paul C},
title = {{A Simple Analytical Model for Gaps in Protoplanetary Disks}},
journal = {The Astrophysical Journal Letters},
year = {2015},
volume = {807},
number = {1},
pages = {L11},
month = jul
}

@article{2015ApJ...798L..32C,
author = {Chatterjee, Sourav and Tan, Jonathan C},
title = {{Vulcan Planets: Inside-out Formation of the Innermost Super-Earths}},
journal = {The Astrophysical Journal Letters},
year = {2015},
volume = {798},
number = {2},
pages = {L32},
month = jan
}

@article{1996ApJ...472..532M,
author = {Mattor, Nathan and Mitchell, Travis B},
title = {{Scattering of Spiral Density Waves to Lower Arm Number}},
journal = {Astrophysical Journal v.472},
year = {1996},
volume = {472},
number = {2},
pages = {532--545},
month = dec
}

@article{1990ApJ...358..495S,
author = {Shu, Frank H and Tremaine, Scott and Adams, Fred C and Ruden, Steven P},
title = {{Sling amplification and eccentric gravitational instabilities in gaseous disks}},
journal = {Astrophysical Journal},
year = {1990},
volume = {358},
pages = {495--514},
month = aug
}

@article{1979ApJ...233..857G,
author = {Goldreich, P and Tremaine, S},
title = {{The excitation of density waves at the Lindblad and corotation resonances by an external potential}},
journal = {Astrophysical Journal},
year = {1979},
volume = {233},
pages = {857--871},
month = nov
}

@article{2012ApJ...760L..26M,
author = {Mayama, S and Hashimoto, J and Muto, T and Tsukagoshi, T and Kusakabe, N and Kuzuhara, M and Takahashi, Y and Kudo, T and Dong, R and Fukagawa, M and Takami, M and Momose, M and Wisniewski, J P and Follette, K and Abe, L and Akiyama, E and Brandner, W and Brandt, T and Carson, J and Egner, S and Feldt, M and Goto, M and Grady, C A and Guyon, O and Hayano, Y and Hayashi, M and Hayashi, S and Henning, T and Hodapp, K W and Ishii, M and Iye, M and Janson, M and Kandori, R and Kwon, J and Knapp, G R and Matsuo, T and McElwain, M W and Miyama, S and Morino, J I and Moro-Martin, A and Nishimura, T and Pyo, T S and Serabyn, E and Suto, H and Suzuki, R and Takato, N and Terada, H and Thalmann, C and Tomono, D and Turner, E L and Watanabe, M and Yamada, T and Takami, H and Usuda, T and Tamura, M},
title = {{Subaru Imaging of Asymmetric Features in a Transitional Disk in Upper Scorpius}},
journal = {The Astrophysical Journal Letters},
year = {2012},
volume = {760},
number = {2},
pages = {L26},
month = dec
}

@article{1997ApJ...477..410L,
author = {Laughlin, Gregory and Korchagin, Vladimir and Adams SUP 1 SUP, Fred C},
title = {{Spiral Mode Saturation in Self-Gravitating Disks}},
journal = {The Astrophysical Journal},
year = {1997},
volume = {477},
number = {1},
pages = {410--423},
month = mar
}

@article{2015ApJ...799...43H,
author = {Hashimoto, J and Tsukagoshi, T and Brown, J M and Dong, R and Muto, T and Zhu, Z and Wisniewski, J and Ohashi, N and Kudo, T and Kusakabe, N and Abe, L and Akiyama, E and Brandner, W and Brandt, T and Carson, J and Currie, T and Egner, S and Feldt, M and Grady, C A and Guyon, O and Hayano, Y and Hayashi, M and Hayashi, S and Henning, T and Hodapp, K and Ishii, M and Iye, M and Janson, M and Kandori, R and Knapp, G and Kuzuhara, M and Kwon, J and Matsuo, T and McElwain, M W and Mayama, S and Mede, K and Miyama, S and Morino, J I and Moro-Martin, A and Nishimura, T and Pyo, T S and Serabyn, G and Suenaga, T and Suto, H and Suzuki, R and Takahashi, Y and Takami, M and Takato, N and Terada, H and Thalmann, C and Tomono, D and Turner, E L and Watanabe, M and Yamada, T and Takami, H and Usuda, T and Tamura, M},
title = {{The Structure of Pre-transitional Protoplanetary Disks. II. Azimuthal Asymmetries, Different Radial Distributions of Large and Small Dust Grains in PDS 70}},
journal = {The Astrophysical Journal},
year = {2015},
volume = {799},
number = {1},
pages = {43},
month = jan
}

@article{1986ApJ...309..846L,
author = {Lin, D N C and Papaloizou, John},
title = {{On the tidal interaction between protoplanets and the protoplanetary disk. III - Orbital migration of protoplanets}},
journal = {Astrophysical Journal},
year = {1986},
volume = {309},
pages = {846--857},
month = oct
}

@article{Dong:2011fe,
author = {Dong, Ruobing and Rafikov, Roman R and Stone, James M and Petrovich, Cristobal},
title = {{DENSITY WAVES EXCITED BY LOW-MASS PLANETS IN PROTOPLANETARY DISKS. I. LINEAR REGIME}},
journal = {The Astrophysical Journal},
year = {2011},
volume = {741},
number = {1},
pages = {56},
month = nov
}

@article{2015ApJ...806..182D,
author = {Duffell, Paul C},
title = {{Halting Migration: Numerical Calculations of Corotation Torques in the Weakly Nonlinear Regime}},
journal = {The Astrophysical Journal},
year = {2015},
volume = {806},
number = {2},
pages = {182},
month = jun
}

@article{2014prpl.conf..497E,
author = {Espaillat, C and Muzerolle, J and Najita, J and Andrews, S and Zhu, Z and Calvet, N and Kraus, S and Hashimoto, J and Kraus, A and D{\textquoteright}Alessio, P},
title = {{An Observational Perspective of Transitional Disks}},
journal = {Protostars and Planets VI},
year = {2014},
pages = {497--520},
month = n/a
}

@article{2010ARA&A..48..391S,
author = {Springel, Volker},
title = {{Smoothed Particle Hydrodynamics in Astrophysics}},
journal = {Annual Review of Astronomy and Astrophysics},
year = {2010},
volume = {48},
number = {1},
pages = {391--430},
month = sep
}

@article{2010arXiv1009.4702H,
author = {Hopkins, Philip F},
title = {{Origins, Structure, and Inflows of m=1 Modes in Quasi-Keplerian Disks}},
journal = {arXiv.org},
year = {2010},
eprint = {1009.4702},
eprinttype = {arxiv},
eprintclass = {1009},
pages = {4702},
month = sep,
annote = {14 pages, 10 figures, submitted to MNRAS}
}

@article{2015A&A...579A.128D,
author = {Delisle, J B and Correia, A C M and Laskar, J},
title = {{Stability of resonant configurations during the migration of planets and constraints on disk-planet interactions}},
journal = {Astronomy and Astrophysics},
year = {2015},
volume = {579},
pages = {A128},
month = jul
}

@article{2010ASSL..366..135K,
author = {Kley, Willy and Nelson, Richard P},
title = {{Early Evolution of Planets in Binaries: Planet-Disk Interaction}},
journal = {Planets in Binary Star Systems},
year = {2010},
volume = {366},
number = {Chapter 6},
pages = {135--},
month = n/a
}

@article{1999ApJ...513..805L,
author = {Lovelace, R V E and Li, H and Colgate, S A and Nelson, A F},
title = {{Rossby Wave Instability of Keplerian Accretion Disks}},
journal = {The Astrophysical Journal},
year = {1999},
volume = {513},
number = {2},
pages = {805--810},
month = mar
}

@article{2005MNRAS.364L..56R,
author = {Rice, W K M and Lodato, G and Armitage, P J},
title = {{Investigating fragmentation conditions in self-gravitating accretion discs}},
journal = {Monthly Notices of the Royal Astronomical Society: Letters},
year = {2005},
volume = {364},
number = {1},
pages = {L56--L60},
month = nov
}

@article{1977ARA&A..15..437T,
author = {Toomre, A},
title = {{Theories of spiral structure}},
journal = {In: Annual review of astronomy and astrophysics. Volume 15. (A78-16576 04-90) Palo Alto},
year = {1977},
volume = {15},
number = {1},
pages = {437--478},
month = n/a
}

@article{2003ApJ...589..556N,
author = {Nelson, Andrew F and Benz, Willy},
title = {{On the Early Evolution of Forming Jovian Planets. I. Initial Conditions, Systematics, and Qualitative Comparisons to Theory}},
journal = {The Astrophysical Journal},
year = {2003},
volume = {589},
number = {1},
pages = {556--577},
month = may
}

@article{2015A&A...579A.106V,
author = {van der Marel, N and van Dishoeck, E F and Bruderer, S and P{\'e}rez, L and Isella, A},
title = {{Gas density drops inside dust cavities of transitional disks around young stars observed with ALMA}},
journal = {Astronomy and Astrophysics},
year = {2015},
volume = {579},
pages = {A106},
month = jul
}

@article{1993prpl.conf..749L,
author = {Lin, D N C and Papaloizou, J C B},
title = {{On the tidal interaction between protostellar disks and companions}},
journal = {In: Protostars and planets III (A93-42937 17-90)},
year = {1993},
pages = {749--835},
month = n/a
}

@article{1992NYASA.675..264S,
author = {Savonije, G J and Papaloizou, J C and Heemskerk, M H M},
title = {{Unstable interaction between a self-gravitating gaseous disk and its central mass.}},
journal = {Annals of the New York Academy of Sciences},
year = {1992},
volume = {675},
number = {1},
pages = {264--277},
month = n/a
}

@article{2004ApJ...612L.137Q,
author = {Quillen, Alice C and Blackman, Eric G and Frank, Adam and Varni{\`e}re, Peggy},
title = {{On the Planet and the Disk of COKU TAURI/4}},
journal = {The Astrophysical Journal},
year = {2004},
volume = {612},
number = {2},
pages = {L137--L140},
month = sep
}

@article{2013LNP...861..201B,
author = {Baruteau, Cl{\'e}ment and Masset, Fr{\'e}d{\'e}ric},
title = {{Recent Developments in Planet Migration Theory}},
journal = {Tides in Astronomy and Astrophysics},
year = {2013},
volume = {861},
number = {Chapter 6},
pages = {201--},
month = n/a
}

@article{2013A&A...556A.123C,
author = {Canovas, H and Menard, F and Hales, A and Jord{\'a}n, A and Schreiber, M R and Casassus, S and Gledhill, T M and Pinte, C},
title = {{Near-infrared imaging polarimetry of HD 142527}},
journal = {Astronomy and Astrophysics},
year = {2013},
volume = {556},
pages = {A123},
month = aug
}

@article{2006JCoPh.214..829A,
author = {Alam, Jahrul M and Kevlahan, Nicholas K R and Vasilyev, Oleg V},
title = {{Simultaneous space time adaptive wavelet solution of nonlinear parabolic differential equations}},
journal = {Journal of Computational Physics},
year = {2006},
volume = {214},
number = {2},
pages = {829--857},
month = may
}

@article{2001ApJ...553..174G,
author = {Gammie, Charles F},
title = {{Nonlinear Outcome of Gravitational Instability in Cooling, Gaseous Disks}},
journal = {The Astrophysical Journal},
year = {2001},
volume = {553},
number = {1},
pages = {174--183},
month = may
}

@article{2010MNRAS.404..527S,
author = {Sridhar, S and Saini, Tarun Deep},
title = {{Slow m = 1 instabilities of softened gravity Keplerian discs}},
journal = {Monthly Notices of the Royal Astronomical Society},
year = {2010},
volume = {404},
number = {1},
pages = {527--531},
month = may
}

@article{2000MNRAS.318...18N,
author = {Nelson, Richard P and Papaloizou, John C B and Masset, Fr{\'e}d{\'e}ric and Kley, Willy},
title = {{The migration and growth of protoplanets in protostellar discs}},
journal = {Monthly Notices of the Royal Astronomical Society},
year = {2000},
volume = {318},
number = {1},
pages = {18--36},
month = oct
}

@article{2009ApJ...693...85L,
author = {Lithwick, Yoram},
title = {{Formation, Survival, and Destruction of Vortices in Accretion Disks}},
journal = {The Astrophysical Journal},
year = {2009},
volume = {693},
number = {1},
pages = {85--96},
month = mar
}

@article{2002A&A...385..337T,
author = {Teyssier, R},
title = {{Cosmological hydrodynamics with adaptive mesh refinement. A new high resolution code called RAMSES}},
journal = {Astronomy and Astrophysics},
year = {2002},
volume = {385},
number = {1},
pages = {337--364},
month = apr
}

@article{1997ApJ...490..368C,
author = {Chiang, E I and Goldreich, P},
title = {{Spectral Energy Distributions of T Tauri Stars with Passive Circumstellar Disks}},
journal = {The Astrophysical Journal},
year = {1997},
volume = {490},
number = {1},
pages = {368--376},
month = nov
}

@article{1991ApJ...382..530T,
author = {Tomley, Leslie and Cassen, Patrick and Steiman-Cameron, Thomas},
title = {{On the evolution of gravitationally unstable protostellar disks}},
journal = {Astrophysical Journal},
year = {1991},
volume = {382},
pages = {530--543},
month = dec
}

@article{2014ApJ...792L..25V,
author = {van der Plas, G and Casassus, S and Menard, F and Perez, S and Thi, W F and Pinte, C and Christiaens, V},
title = {{Spatially Resolved HCN J = 4-3 and CS J = 7-6 Emission from the Disk around HD 142527}},
journal = {The Astrophysical Journal Letters},
year = {2014},
volume = {792},
number = {2},
pages = {L25},
month = sep
}

@article{1992ApJ...397..347N,
author = {Noh, Hyerim and Vishniac, Ethan T and Cochran, William D},
title = {{An examination of the M = 1 instability in a low-mass protoplanetary disk}},
journal = {Astrophysical Journal},
year = {1992},
volume = {397},
pages = {347--352},
month = sep
}

@article{2015ApJ...798..132F,
author = {Follette, Katherine B and Grady, Carol A and Swearingen, Jeremy R and Sitko, Michael L and Champney, Elizabeth H and van der Marel, Nienke and Takami, Michihiro and Kuchner, Marc J and Close, Laird M and Muto, Takayuki and Mayama, Satoshi and McElwain, Michael W and Fukagawa, Misato and Maaskant, Koen and Min, Michiel and Russell, Ray W and Kudo, Tomoyuki and Kusakabe, Nobuhiko and Hashimoto, Jun and Abe, Lyu and Akiyama, Eiji and Brandner, Wolfgang and Brandt, Timothy D and Carson, Joseph and Currie, Thayne and Egner, Sebastian E and Feldt, Markus and Goto, Miwa and Guyon, Olivier and Hayano, Yutaka and Hayashi, Masahiko and Hayashi, Saeko and Henning, Thomas and Hodapp, Klaus and Ishii, Miki and Iye, Masanori and Janson, Markus and Kandori, Ryo and Knapp, Gillian R and Kuzuhara, Masayuki and Kwon, Jungmi and Matsuo, Taro and Miyama, Shoken and Morino, Jun-Ichi and Moro-Martin, Amaya and Nishimura, Tetsuo and Pyo, Tae-Soo and Serabyn, Eugene and Suenaga, Takuya and Suto, Hiroshi and Suzuki, Ryuji and Takahashi, Yasuhiro and Takato, Naruhisa and Terada, Hiroshi and Thalmann, Christian and Tomono, Daigo and Turner, Edwin L and Watanabe, Makoto and Wisniewski, John P and Yamada, Toru and Takami, Hideki and Usuda, Tomonori and Tamura, Motohide},
title = {{SEEDS Adaptive Optics Imaging of the Asymmetric Transition Disk Oph IRS 48 in Scattered Light}},
journal = {The Astrophysical Journal},
year = {2015},
volume = {798},
number = {2},
pages = {132},
month = jan
}

@article{2013MNRAS.429..529L,
author = {Lovelace, R V E and Hohlfeld, R G},
title = {{Rossby wave instability with self-gravity}},
journal = {Monthly Notices of the Royal Astronomical Society},
year = {2013},
volume = {429},
number = {1},
pages = {529--533},
month = feb
}

@article{2012MNRAS.427.2680K,
author = {Kocsis, Bence and Haiman, Zoltan and Loeb, Abraham},
title = {{Gas pile-up, gap overflow and Type 1.5 migration in circumbinary discs: application to supermassive black hole binaries}},
journal = {Monthly Notices of the Royal Astronomical Society},
year = {2012},
volume = {427},
number = {3},
pages = {2680--2700},
month = dec
}

@article{2010apf..book.....A,
author = {Armitage, Philip J},
title = {{Astrophysics of Planet Formation}},
journal = {Astrophysics of Planet Formation},
year = {2010},
pages = {294--},
month = n/a
}

@article{1999ApJ...516..451M,
author = {Miyoshi, Ken'ichi and Takeuchi, Taku and Tanaka, Hidekazu and Ida, Shigeru},
title = {{Gravitational Interaction between a Protoplanet and a Protoplanetary Disk. I. Local Three-Dimensional Simulations}},
journal = {The Astrophysical Journal},
year = {1999},
volume = {516},
number = {1},
pages = {451--464},
month = may
}

@article{2002ApJ...567..596L,
author = {Lee, Man Hoi and Peale, S J},
title = {{Dynamics and Origin of the 2:1 Orbital Resonances of the GJ 876 Planets}},
journal = {The Astrophysical Journal},
year = {2002},
volume = {567},
number = {1},
pages = {596--609},
month = mar
}

@article{2011MNRAS.412.1473L,
author = {Li, Weidong and Chornock, Ryan and Leaman, Jesse and Filippenko, Alexei V and Poznanski, Dovi and Wang, Xiaofeng and Ganeshalingam, Mohan and Mannucci, Filippo},
title = {{Nearby supernova rates from the Lick Observatory Supernova Search - III. The rate-size relation, and the rates as a function of galaxy Hubble type and colour}},
journal = {Monthly Notices of the Royal Astronomical Society},
year = {2011},
volume = {412},
number = {3},
pages = {1473--1507},
month = apr
}

@article{1982Natur.299..209B,
author = {Borderies, N and Goldreich, P and Tremaine, S},
title = {{Sharp edges of planetary rings}},
journal = {Nature},
year = {1982},
volume = {299},
number = {5880},
pages = {209--211},
month = sep
}

@article{1994MNRAS.266..583L,
author = {Lyubarskij, Y E and Postnov, K A and Prokhorov, M E},
title = {{Eccentric Accretion Discs}},
journal = {Monthly Notices of the Royal Astronomical Society},
year = {1994},
volume = {266},
pages = {583},
month = feb
}

@article{2013ApJ...774..144R,
author = {Rafikov, Roman R},
title = {{Structure and Evolution of Circumbinary Disks around Supermassive Black Hole Binaries}},
journal = {The Astrophysical Journal},
year = {2013},
volume = {774},
number = {2},
pages = {144},
month = sep
}

@article{2002MNRAS.334..248A,
author = {Armitage, Philip J and Livio, Mario and Lubow, S H and Pringle, J E},
title = {{Predictions for the frequency and orbital radii of massive extrasolar planets}},
journal = {Monthly Notices of the Royal Astronomical Society},
year = {2002},
volume = {334},
number = {1},
pages = {248--256},
month = jul
}

@article{2012ApJ...755....6Z,
author = {Zhu, Zhaohuan and Nelson, Richard P and Dong, Ruobing and Espaillat, Catherine and Hartmann, Lee},
title = {{Dust Filtration by Planet-induced Gap Edges: Implications for Transitional Disks}},
journal = {The Astrophysical Journal},
year = {2012},
volume = {755},
number = {1},
pages = {6},
month = aug
}

@article{2016MNRAS.455.2484N,
author = {Nelson, Benjamin E and Robertson, Paul M and Payne, Matthew J and Pritchard, Seth M and Deck, Katherine M and Ford, Eric B and Wright, Jason T and Isaacson, Howard T},
title = {{An empirically derived three-dimensional Laplace resonance in the Gliese 876 planetary system}},
journal = {Monthly Notices of the Royal Astronomical Society},
year = {2016},
volume = {455},
number = {3},
pages = {2484--2499},
month = jan
}

@article{2007JFM...570..217K,
author = {Kevlahan, N K R and Alam, J and Vasilyev, O V},
title = {{Scaling of space time modes with Reynolds number in two-dimensional turbulence}},
journal = {Journal of Fluid Mechanics},
year = {2007},
volume = {570},
number = {0},
pages = {217--226},
month = n/a
}

@article{2014RAA....14..648F,
author = {Faghei, Kazem},
title = {{The density and temperature dependence of the cooling timescale for fragmentation of self-gravitating disks}},
journal = {Research in Astronomy and Astrophysics},
year = {2014},
volume = {14},
number = {6},
pages = {648--666},
month = jun
}

@article{1998AJ....116..489W,
author = {Ward, William R and Hahn, Joseph M},
title = {{Dynamics of the Trans-Neptune Region: Apsidal Waves in the Kuiper Belt}},
journal = {The Astronomical Journal},
year = {1998},
volume = {116},
number = {1},
pages = {489--498},
month = jul
}

@article{2014IAUS..299...90V,
author = {van der Marel, Nienke and van Dishoeck, Ewine F and Bruderer, Simon and Birnstiel, Til and Pinilla, Paola and Dullemond, Cornelis P and van Kempen, Tim A and Schmalzl, Markus and Brown, Joanna M and Herczeg, Gregory J and Mathews, Geoffrey S and Geers, Vincent},
title = {{Planet formation in action: resolved gas and dust images of a transitional disk and its cavity}},
journal = {Exploring the Formation and Evolution of Planetary Systems},
year = {2014},
volume = {299},
number = {S299},
pages = {90--93},
month = jan
}

@article{2001MNRAS.320L..55M,
author = {Masset, F and Snellgrove, M},
title = {{Reversing type II migration: resonance trapping of a lighter giant protoplanet}},
journal = {Monthly Notices of the Royal Astronomical Society},
year = {2001},
volume = {320},
number = {4},
pages = {L55--L59},
month = feb
}

@article{2008gady.book.....B,
author = {Binney, James and Tremaine, Scott},
title = {{Galactic Dynamics: Second Edition}},
journal = {Galactic Dynamics: Second Edition},
year = {2008},
month = n/a
}

@article{2010MNRAS.406.2777L,
author = {Lubow, Stephen H},
title = {{Eccentricity growth rates of tidally distorted discs}},
journal = {Monthly Notices of the Royal Astronomical Society},
year = {2010},
volume = {406},
number = {4},
pages = {2777--2786},
month = aug
}

@article{2015MNRAS.453..414W,
author = {Wright, C M and Maddison, S T and Wilner, D J and Burton, M G and Lommen, D and van Dishoeck, E F and Pinilla, P and Bourke, T L and Menard, F and Walsh, C},
title = {{Resolving structure of the disc around HD100546 at 7 mm with ATCA}},
journal = {Monthly Notices of the Royal Astronomical Society},
year = {2015},
volume = {453},
number = {1},
pages = {414--438},
month = oct
}

@article{2012MNRAS.421.2368J,
author = {Jalali, Mir Abbas and Tremaine, Scott},
title = {{Density waves in debris discs and galactic nuclei}},
journal = {Monthly Notices of the Royal Astronomical Society},
year = {2012},
volume = {421},
number = {3},
pages = {2368--2383},
month = apr
}

@article{2001ApJ...558..453M,
author = {Masset, F S},
title = {{On the Co-orbital Corotation Torque in a Viscous Disk and Its Impact on Planetary Migration}},
journal = {The Astrophysical Journal},
year = {2001},
volume = {558},
number = {1},
pages = {453--462},
month = sep
}

@article{2011ApJ...729...47Z,
author = {Zhu, Zhaohuan and Nelson, Richard P and Hartmann, Lee and Espaillat, Catherine and Calvet, Nuria},
title = {{Transitional and Pre-transitional Disks: Gap Opening by Multiple Planets?}},
journal = {The Astrophysical Journal},
year = {2011},
volume = {729},
number = {1},
pages = {47},
month = mar
}

@article{2016ApJS..223...11B,
author = {Ben{\'\i}tez-Llambay, Pablo and Masset, Fr{\'e}d{\'e}ric S},
title = {{FARGO3D: A New GPU-oriented MHD Code}},
journal = {The Astrophysical Journal Supplement Series},
year = {2016},
volume = {223},
number = {1},
pages = {11},
month = mar
}

@article{2012MNRAS.419.1701R,
author = {Reg{\'a}ly, Zs and Juh{\'a}sz, A and S{\'a}ndor, Zs and Dullemond, C P},
title = {{Possible planet-forming regions on submillimetre images}},
journal = {Monthly Notices of the Royal Astronomical Society},
year = {2012},
volume = {419},
number = {2},
pages = {1701--1712},
month = jan
}

@article{2000ApJ...540.1084C,
author = {Chiang, E I and Goldreich, P},
title = {{Apse Alignment of Narrow Eccentric Planetary Rings}},
journal = {The Astrophysical Journal},
year = {2000},
volume = {540},
number = {2},
pages = {1084--1090},
month = sep
}

@article{1991ApJ...381..268L,
author = {Lubow, Stephen H},
title = {{Simulations of tidally driven eccentric instabilities with application to superhumps}},
journal = {Astrophysical Journal},
year = {1991},
volume = {381},
pages = {268--277},
month = nov
}

@article{2002A&A...387..605M,
author = {Masset, F S},
title = {{The co-orbital corotation torque in a viscous disk: Numerical simulations}},
journal = {Astronomy and Astrophysics},
year = {2002},
volume = {387},
number = {2},
pages = {605--623},
month = may
}

@article{2004ApJ...612.1152V,
author = {Varni{\`e}re, Peggy and Quillen, A C and Frank, Adam},
title = {{The Evolution of Protoplanetary Disk Edges}},
journal = {The Astrophysical Journal},
year = {2004},
volume = {612},
number = {2},
pages = {1152--1162},
month = sep
}

@article{1971Ap&SS..14...73M,
author = {Miller, R H},
title = {{Numerical Experiments in Collisionless Systems (Papers appear in the Proceedings of IAU Colloquium No. 10 Gravitational N-Body Problem (ed. by Myron Lecar), R. Reidel Publ. Co. , Dordrecht-Holland.)}},
journal = {Astrophysics and Space Science},
year = {1971},
volume = {14},
number = {1},
pages = {73--90},
month = nov
}

@article{1995ApJ...451..314A,
author = {Adams, Fred C and Watkins, Richard},
title = {{Vortices in Circumstellar Disks}},
journal = {Astrophysical Journal v.451},
year = {1995},
volume = {451},
pages = {314},
month = sep
}

@article{2014FlDyR..46d1401L,
author = {Lovelace, R V E and Romanova, M M},
title = {{Rossby wave instability in astrophysical discs}},
journal = {Fluid Dynamics Research},
year = {2014},
volume = {46},
number = {4},
pages = {041401},
month = aug
}

@article{2002ApJ...565.1257T,
author = {Tanaka, Hidekazu and Takeuchi, Taku and Ward, William R},
title = {{Three-Dimensional Interaction between a Planet and an Isothermal Gaseous Disk. I. Corotation and Lindblad Torques and Planet Migration}},
journal = {The Astrophysical Journal},
year = {2002},
volume = {565},
number = {2},
pages = {1257--1274},
month = feb
}

@article{2001ApJ...553..174G,
author = {Gammie, Charles F},
title = {{Nonlinear Outcome of Gravitational Instability in Cooling, Gaseous Disks}},
journal = {The Astrophysical Journal},
year = {2001},
volume = {553},
number = {1},
pages = {174--183},
month = may
}

@article{1999ApJ...526.1001L,
author = {Lubow, S H and Seibert, M and Artymowicz, P},
title = {{Disk Accretion onto High-Mass Planets}},
journal = {The Astrophysical Journal},
year = {1999},
volume = {526},
number = {2},
pages = {1001--1012},
month = dec
}

@article{2002ApJ...569..997R,
author = {Rafikov, R R},
title = {{Nonlinear Propagation of Planet-generated Tidal Waves}},
journal = {The Astrophysical Journal},
year = {2002},
volume = {569},
number = {2},
pages = {997--1008},
month = apr
}

@article{1996ApJ...456..279L,
author = {Laughlin, Gregory and Rozyczka, Michal},
title = {{The Effect of Gravitational Instabilities on Protostellar Disks}},
journal = {Astrophysical Journal v.456},
year = {1996},
volume = {456},
pages = {279},
month = jan
}

@article{2003ApJ...588..494M,
author = {Masset, F S and Papaloizou, J C B},
title = {{Runaway Migration and the Formation of Hot Jupiters}},
journal = {The Astrophysical Journal},
year = {2003},
volume = {588},
number = {1},
pages = {494--508},
month = may
}

@article{2001A&A...366..263P,
author = {Papaloizou, J C B and Nelson, R P and Masset, F},
title = {{Orbital eccentricity growth through disc-companion tidal interaction}},
journal = {Astronomy and Astrophysics},
year = {2001},
volume = {366},
number = {1},
pages = {263--275},
month = jan
}

@book{1992nrca.book.....P,
author = {Press, William H and Teukolsky, Saul A and Vetterling, William T and Flannery, Brian P},
title = {{Numerical recipes in C. The art of scientific computing}},
publisher = {Cambridge: University Press},
year = {1992},
edition = {2nd},
month = n/a
}

@article{2008JCoPh.227.3758D,
author = {Domingues, Margarete O and Gomes, S{\^o}nia M and Roussel, Olivier and Schneider, Kai},
title = {{An adaptive multiresolution scheme with local time stepping for evolutionary PDEs}},
journal = {Journal of Computational Physics},
year = {2008},
volume = {227},
number = {8},
pages = {3758--3780},
month = apr
}

@article{2007A&A...461.1173C,
author = {Crida, A and Morbidelli, A and Masset, F},
title = {{Simulating planet migration in globally evolving disks}},
journal = {Astronomy and Astrophysics},
year = {2007},
volume = {461},
number = {3},
pages = {1173--1183},
month = jan
}

@article{1989ApJ...347..490W,
author = {Ward, William R and Hourigan, Kerry},
title = {{Orbital migration of protoplanets - The inertial limit}},
journal = {Astrophysical Journal},
year = {1989},
volume = {347},
pages = {490--495},
month = dec
}

@article{2002MNRAS.330L..11A,
author = {Armitage, Philip J and Bonnell, Ian A},
title = {{The brown dwarf desert as a consequence of orbital migration}},
journal = {Monthly Notices of the Royal Astronomical Society},
year = {2002},
volume = {330},
number = {1},
pages = {L11--L14},
month = feb
}

@article{2010PhRvD..82l3011L,
author = {Liu, Yuk Tung and Shapiro, Stuart L},
title = {{Accretion disks around binary black holes: A quasistationary model}},
journal = {Physical Review D},
year = {2010},
volume = {82},
number = {1},
pages = {123011},
month = dec
}

